<record><leader>00000cas a22000007a 4500</leader><controlfield tag="001">21428277</controlfield><controlfield tag="008">900425d1881188ugaudr ne      0    0eng d</controlfield><datafield ind1=" " ind2=" " tag="010"><subfield code="a">sn 90052346 </subfield></datafield><datafield ind1=" " ind2=" " tag="040"><subfield code="a">NLG</subfield><subfield code="b">eng</subfield><subfield code="c">NLG</subfield><subfield code="d">NVF</subfield><subfield code="d">GUA</subfield><subfield code="d">OCLCQ</subfield><subfield code="d">OCLCF</subfield><subfield code="d">OCLCO</subfield></datafield><datafield ind1="1" ind2=" " tag="029"><subfield code="a">AU@</subfield><subfield code="b">000020586817</subfield></datafield><datafield ind1=" " ind2=" " tag="042"><subfield code="a">msc</subfield></datafield><datafield ind1=" " ind2=" " tag="043"><subfield code="a">n-us-ga</subfield></datafield><datafield ind1="0" ind2="4" tag="245"><subfield code="a">The Rome daily courier.</subfield></datafield><datafield ind1=" " ind2=" " tag="260"><subfield code="a">Rome, Ga. :</subfield><subfield code="b">M. Dwinell</subfield></datafield><datafield ind1=" " ind2=" " tag="300"><subfield code="a">v.</subfield></datafield><datafield ind1=" " ind2=" " tag="310"><subfield code="a">Daily</subfield></datafield><datafield ind1="1" ind2=" " tag="362"><subfield code="a">Began with Feb. 1, 1881 issue.</subfield></datafield><datafield ind1=" " ind2=" " tag="530"><subfield code="a">Also on microfilm: Athens, Ga. : University of Georgia Libraries.</subfield></datafield><datafield ind1=" " ind2=" " tag="588"><subfield code="a">Description based on: New ser., v. 1, no. 293 (Jan. 10, 1882).</subfield></datafield><datafield ind1=" " ind2="0" tag="651"><subfield code="a">Floyd County (Ga.)</subfield><subfield code="v">Newspapers.</subfield></datafield><datafield ind1=" " ind2="7" tag="655"><subfield code="a">Newspapers.</subfield><subfield code="2">fast</subfield><subfield code="0">(OCoLC)fst01423814</subfield></datafield><datafield ind1=" " ind2="7" tag="651"><subfield code="a">Georgia</subfield><subfield code="z">Floyd County.</subfield><subfield code="2">fast</subfield><subfield code="0">(OCoLC)fst01213151</subfield></datafield><datafield ind1=" " ind2=" " tag="752"><subfield code="a">United States</subfield><subfield code="b">Georgia</subfield><subfield code="c">Floyd</subfield><subfield code="d">Rome.</subfield></datafield><datafield ind1="0" ind2=" " tag="775"><subfield code="t">Rome weekly courier</subfield><subfield code="w">(DLC)sn 82014071</subfield><subfield code="w">(OCoLC)8807650</subfield></datafield><datafield ind1="0" ind2="0" tag="780"><subfield code="t">Rome tri-weekly courier</subfield><subfield code="w">(DLC)sn 85034102</subfield><subfield code="w">(OCoLC)12411592</subfield></datafield><datafield ind1="0" ind2="0" tag="785"><subfield code="t">Rome tribune (Rome, Ga. : Daily)</subfield><subfield code="w">(DLC)  2002233213</subfield><subfield code="w">(OCoLC)51572541</subfield></datafield></record>